@article{Nilsson2007,
author = {Nilsson, Roland and Pe{\~{n}}a, Jos{\'{e}} M. and Bj{\"{o}}rkegren, Johan and Tegn{\'{e}}r, Jesper},
journal = {The Journal of Machine Learning Research},
pages = {589--612},
title = {{Consistent Feature Selection for Pattern Recognition in Polynomial Time}},
volume = {8},
year = {2007}
}
@article{Wright2015,
author = {Wright, Marvin N. and Ziegler, Andreas},
journal = {Journal of Statistical Software},
number = {1},
title = {{ranger: A Fast Implementation of Random Forests for High Dimensional Data in C++ and R}},
volume = {77},
year = {2015}
}
@article{Breiman2001,
author = {Breiman, Leo},
journal = {Machine Learning},
number = {1},
pages = {5--32},
title = {{Random forests}},
volume = {45},
year = {2001}
}
@article{Kursa2014a,
author = {Kursa, Miron B.},
journal = {Journal of Statistical Software},
number = {10},
title = {{rFerns: An Implementation of the Random Ferns Method for General-Purpose Machine Learning}},
volume = {61},
year = {2014}
}
@article{Kursa2014,
author = {Kursa, Miron B.},
journal = {BMC Bioinformatics},
number = {1},
title = {{Robustness of Random Forest-based gene selection methods}},
volume = {15},
year = {2014}
}
@article{Kursa2010,
author = {Kursa, Miron B. and Rudnicki, Witold R.},
journal = {Journal of Statistical Software},
title = {Feature Selection with the Boruta Package},
volume = {36},
number = {11},
year = {2010}
}
