
@article{Higham2002,
    AUTHOR = {Higham, Nicholas J.},
     TITLE = {Computing the nearest correlation matrix---a problem from
              finance},
   JOURNAL = {IMA J. Numer. Anal.},
  FJOURNAL = {IMA Journal of Numerical Analysis},
    VOLUME = {22},
      YEAR = {2002},
    NUMBER = {3},
     PAGES = {329--343},
      ISSN = {0272-4979},
   MRCLASS = {65F30 (91B02)},
  MRNUMBER = {1918653},
       DOI = {10.1093/imanum/22.3.329},
       URL = {http://dx.doi.org.libproxy.lib.unc.edu/10.1093/imanum/22.3.329},
}

@article{Motulsky2006,
   Author = "Motulsky, H. J.  and Brown, R. E. ",
   Title = "Detecting outliers when fitting data with nonlinear regression - a new method based on robust nonlinear regression and the false discovery rate",
   Journal = "BMC Bioinformatics",
   Year = "2006",
   Volume = "7",
   Pages = "123",
   Month = "Mar"
}

@book{Seber1989,
    AUTHOR = {Seber, G. A. F. and Wild, C. J.},
     TITLE = {Nonlinear regression},
    SERIES = {Wiley Series in Probability and Mathematical Statistics:
              Probability and Mathematical Statistics},
 PUBLISHER = {John Wiley \& Sons, Inc., New York},
      YEAR = {1989},
     PAGES = {xxii+768},
      ISBN = {0-471-61760-1},
   MRCLASS = {62-02 (62J02)},
  MRNUMBER = {986070},
MRREVIEWER = {Roy T. Saint Laurent},
       DOI = {10.1002/0471725315},
       URL = {http://dx.doi.org.libproxy.lib.unc.edu/10.1002/0471725315},
}

@article{Wang2010,
   author = {Wang, Y. and Jadhav, A. and Southal, N. and Huang, R. and Nguyen, D. T.},
   title = {A grid algorithm for high throughput fitting of dose-response curve data},
   journal = {Curr Chem Genomics},
   year = {2010},
   volume = {4},
   pages = {57--66},
   month = {10}
}