@article{CellDMC,
  author = {Zheng, Shijie C and Breeze, Charles E and Beck, Stephan and Teschendorff, Andrew E},
  title = {{Identification of differentially methylated cell-types in Epigenome-Wide Association Studies.}},
  journal = {Nature Methods},
  volume = {15},
  number = {12},
  pages = {1059--1066},
  year = {2018}

}

@article{HEpiDISH,
  author = {Zheng, Shijie C and Webster, Amy P and Dong, Danyue and Feber, Andy and Graham, David G and Sullivan, Roisin and Jevons, Sarah and Lovat, Laurence B and Widschwendter, Martin and Beck, Stephan and Teschendorff, Andrew E},
  title = {{A novel cell-type deconvolution algorithm reveals substantial contamination by immune cells in saliva, buccal and cervix.}},
  journal = {Epigenomics},
  year = {2018},
  volume = {10},
  number = {7},
  pages = {925--940}
}


@article{EpiDISH,
  author = {Teschendorff, Andrew E and Breeze, Charles E and Zheng, Shijie C and Beck, Stephan},
  title = {{A comparison of reference-based algorithms for correcting cell-type heterogeneity in Epigenome-Wide Association Studies.}},
  journal = {BMC Bioinformatics},
  year = {2017},
  volume = {18},
  number = {1},
  pages = {105},
  month = feb
}


@article{CP,
  author = {Houseman, Eugene Andres and Accomando, William P and Koestler, Devin C and Christensen, Brock C and Marsit, Carmen J and Nelson, Heather H and Wiencke, John K and Kelsey, Karl T},
  title = {{DNA methylation arrays as surrogate measures of cell mixture distribution.}},
  journal = {BMC Bioinformatics},
  year = {2012},
  volume = {13},
  number = {1},
  pages = {86}
}


@article{CBS,
  author = {Newman, Aaron M and Liu, Chih Long and Green, Michael R and Gentles, Andrew J and Feng, Weiguo and Xu, Yue and Hoang, Chuong D and Diehn, Maximilian and Alizadeh, Ash A},
  title = {{Robust enumeration of cell subsets from tissue expression profiles.}},
  journal = {Nature Methods},
  year = {2015},
  volume = {12},
  number = {5},
  pages = {453--457},
  month = may
}


@article{review,
  author = {Teschendorff, Andrew E and Zheng, Shijie C},
  title = {{Cell-type deconvolution in epigenome-wide association studies: a review and recommendations.}},
  journal = {Epigenomics},
  year = {2017},
  volume = {9},
  number = {5},
  pages = {757--768},
  month = may
}




