@article{tseng2005,
	Author = {George C. Tseng and Wing H. Wong},
	Journal = {Biometrics},
	Number = {1},
	Pages = {10-16},
	Title = {Tight Clustering: A Resampling-Based Approach for Identifying Stable and Tight Patterns in Data},
	Volume = {61},
	Year = {2005}}

@article{finak2015mast,
  title={MAST: a flexible statistical framework for assessing transcriptional changes and characterizing heterogeneity in single-cell RNA sequencing data},
  author={Finak, Greg and McDavid, Andrew and Yajima, Masanao and Deng, Jingyuan and Gersuk, Vivian and Shalek, Alex K and Slichter, Chloe K and Miller, Hannah W and McElrath, M Juliana and Prlic, Martin and others},
  journal={Genome Biology},
  volume={16},
  number={1},
  pages={1--13},
  year={2015}
}

@article{princurve,
  title={Principal Curves},
  author={Trevor Hastie and Werner Stuetzle},
  journal={Journal of the American Statistical Association},
  volume={84},
  number={406},
  pages={502-516},
  year={1989}
}

@article{trapnell2009,
  title={TopHat: discovering splice junctions with RNA-Seq},
  author={Cole Trapnell and Lior Pachter and Steven L. Salzberg},
  journal={Bioinformatics},
  volume={25},
  number={9},
  pages={1105-1111},
  year={2009}
}

@article{risso2014,
  title={Normalization of RNA-seq data using factor analysis of control genes or samples},
  author={Davide Risso and John Ngai and Terence P. Speed and Sandrine Dudoit},
  journal={Nature Biotechnology},
  volume={32},
  pages={896â€“902},
  year={2014}
}

@article {slingshot,
	author = {Street, Kelly and Risso, Davide and Fletcher, Russell B and Das, Diya and Ngai, John and Yosef, Nir and Purdom, Elizabeth and Dudoit, Sandrine},
	title = {Slingshot: Cell lineage and pseudotime inference for single-cell transcriptomics},
	year = {2017},
	doi = {10.1101/128843},
	publisher = {Cold Spring Harbor Laboratory},
	URL = {https://www.biorxiv.org/content/early/2017/04/19/128843},
	eprint = {https://www.biorxiv.org/content/early/2017/04/19/128843.full.pdf},
	journal = {bioRxiv}
}

@Article{mclust,
  title = {{mclust} 5: clustering, classification and density estimation using {G}aussian finite mixture models},
  author = {Luca Scrucca and Michael Fop and Thomas Brendan Murphy and Adrian E. Raftery},
  journal = {The {R} Journal},
  year = {2016},
  volume = {8},
  number = {1},
  pages = {205--233},
}

@Manual{scone,
  title = {scone: Single Cell Overview of Normalized Expression data},
  author = {Michael Cole and Davide Risso},
  year = {2018},
  note = {R package version 1.4.0},
}
 
@Manual{SingleCellExperiment,
  title = {SingleCellExperiment: S4 Classes for Single Cell Data},
  author = {Aaron Lun and Davide Risso},
  year = {2017},
  note = {R package version 1.2.0},
}

@Article{zinbwave,
    title = {A general and flexible method for signal extraction from single-cell {RNA}-seq data},
    author = {Davide Risso and Fanny Perraudeau and Svetlana Gribkova and Sandrine Dudoit and Jean-Philippe Vert},
    year = {2018},
    volume = {9},
    pages = {284},
    journal = {Nature Communications},
    url = {https://doi.org/10.1038/s41467-017-02554-5},
}


@Article{mnn,
    author = {Laleh Haghverdi and Aaron T. L. Lun and Michael D. Morgan and John C. Marioni},
    title = {{{B}atch effects in single-cell {R}{N}{A}-sequencing data are corrected by matching mutual nearest neighbors}},
    journal = {Nat. Biotechnol.},
    year = {2018},
    volume = {36},
    number = {5},
    pages = {421--427},
    doi = {10.1038/nbt.4091},
}

@article{van2020trajectory,
	Author = {Van den Berge, Koen and Roux de B{\'e}zieux, Hector and Street, Kelly and Saelens, Wouter and Cannoodt, Robrecht and Saeys, Yvan and Dudoit, Sandrine and Clement, Lieven},
	Da = {2020/03/05},
	Date-Added = {2020-03-09 20:41:31 +0000},
	Date-Modified = {2020-03-09 20:41:31 +0000},
	Doi = {10.1038/s41467-020-14766-3},
	Id = {Van den Berge2020},
	Isbn = {2041-1723},
	Journal = {Nature Communications},
	Number = {1},
	Pages = {1201},
	Title = {Trajectory-based differential expression analysis for single-cell sequencing data},
	Ty = {JOUR},
	Url = {https://doi.org/10.1038/s41467-020-14766-3},
	Volume = {11},
	Year = {2020},
	Bdsk-Url-1 = {https://doi.org/10.1038/s41467-020-14766-3}}
  
