@article{Chambers2012,
    author = {Chambers, Matthew C. and Maclean, Brendan and Burke, Robert and Amodei, Dario and Ruderman, Daniel L. and Neumann, Steffen and Gatto, Laurent and Fischer, Bernd and Pratt, Brian and Egertson, Jarrett and Hoff, Katherine and Kessner, Darren and Tasman, Natalie and Shulman, Nicholas and Frewen, Barbara and Baker, Tahmina A. and Brusniak, Mi-Youn and Paulse, Christopher and Creasy, David and Flashner, Lisa and Kani, Kian and Moulding, Chris and Seymour, Sean L. and Nuwaysir, Lydia M. and Lefebvre, Brent and Kuhlmann, Frank and Roark, Joe and Rainer, Paape and Detlev, Suckau and Hemenway, Tina and Huhmer, Andreas and Langridge, James and Connolly, Brian and Chadick, Trey and Holly, Krisztina and Eckels, Josh and Deutsch, Eric W. and Moritz, Robert L. and Katz, Jonathan E. and Agus, David B. and MacCoss, Michael and Tabb, David L. and Mallick, Parag},
    citeulike-article-id = {11431466},
    citeulike-linkout-0 = {http://dx.doi.org/10.1038/nbt.2377},
    citeulike-linkout-1 = {http://dx.doi.org/10.1038/nbt.2377},
    doi = {10.1038/nbt.2377},
    journal = {Nat Biotech},
    keywords = {algorithm, proteomics},
    month = oct,
    number = {10},
    pages = {918--920},
    posted-at = {2012-10-10 18:11:05},
    priority = {2},
    publisher = {Nature Publishing Group, a division of Macmillan Publishers Limited. All Rights Reserved.},
    title = {{A cross-platform toolkit for mass spectrometry and proteomics}},
    url = {http://dx.doi.org/10.1038/nbt.2377},
    volume = {30},
    year = {2012}
}



@article{Martens2010,
	pmid = {20716697},
	author = {Martens, Lennart and Chambers, Matthew and Sturm, Marc and Kessner, Darren and Levander, Fredrik and Shofstahl, Jim and Tang, Wilfred H and Rompp, Andreas and Neumann, Steffen and Pizarro, Angel D and Montecchi-Palazzi, Luisa and Tasman, Natalie and Coleman, Mike and Reisinger, Florian and Souda, Puneet and Hermjakob, Henning and Binz, Pierre-Alain and Deutsch, Eric W},
	title = {mzML - a Community Standard for Mass Spectrometry Data.},
	journal = {Molecular and Cellular Proteomics : MCP},
	year = {2010},
	doi = {10.1074/mcp.R110.000133},
	tags = "bioinformatics, mass spectrometry, proteomics, standard, formats"
}


@article{Pedrioli2004,
	pmid = {15529173},
	author = {Pedrioli, Patrick G A and Eng, Jimmy K and Hubley, Robert and Vogelzang, Mathijs and Deutsch, Eric W and Raught, Brian and Pratt, Brian and Nilsson, Erik and Angeletti, Ruth H and Apweiler, Rolf and Cheung, Kei and Costello, Catherine E and Hermjakob, Henning and Huang, Sequin and Julian, Randall K and Kapp, Eugene and McComb, Mark E and Oliver, Stephen G and Omenn, Gilbert and Paton, Norman W and Simpson, Richard and Smith, Richard and Taylor, Chris F and Zhu, Weimin and Aebersold, Ruedi},
	title = {A common open representation of mass spectrometry data and its application to proteomics research.},
	journal = {Nat. Biotechnol.},
	volume = {22},
	number = {11},
	pages = {1459-66},
	year = {2004},
	doi = {10.1038/nbt1031},
	tags = "bioinformatics, mass spectrometry, proteomics, standard"
}

@article{Orchard2007,
	pmid = {17907277},
	author = {Orchard, Sandra and Montechi-Palazzi, Luisa and Deutsch, Eric W and Binz, Pierre-Alain and Jones, Andrew R and Paton, Norman and Pizarro, Angel and Creasy, David M and Wojcik, Jérôme and Hermjakob, Henning},
	title = {Five years of progress in the Standardization of Proteomics Data 4th Annual Spring Workshop of the HUPO-Proteomics Standards Initiative April 23-25, 2007 Ecole Nationale Sup\'erieure (ENS), Lyon, France.},
	journal = {Proteomics},
	volume = {7},
	number = {19},
	pages = {3436-40},
	year = {2007},
	doi = {10.1002/pmic.200700658},
	tags = "mass spectrometry, bioinformatics, formats, proteomics, standard"
}

@article{Kessner08,
	pmid = {18606607},
	author = {Kessner, Darren and Chambers, Matt and Burke, Robert and Agus, David and Mallick, Parag},
	title = {ProteoWizard: open source software for rapid proteomics tools development.},
	journal = {Bioinformatics},
	volume = {24},
	number = {21},
	pages = {2534-6},
	year = {2008},
	doi = {10.1093/bioinformatics/btn323},
	tags = "mass spectrometry, bioinformatics, data analysis, proteomics, software"
}

@Article{Rcpp11,
    title = {{Rcpp}: Seamless {R} and {C++} Integration},
    author = {Dirk Eddelbuettel and Romain Fran\c{c}ois},
    journal = {Journal of Statistical Software},
    year = {2011},
    volume = {40},
    number = {8},
    pages = {1--18},
    url = {http://www.jstatsoft.org/v40/i08/},
  }


@Article{Jones2012,
  author =       {Jones, A R and Eisenacher, M and Mayer, G and
                 Kohlbacher, O and Siepen, J and Hubbard, S J and
                 Selley, J N and Searle, B C and Shofstahl, J and
                 Seymour, S L and Julian, R and Binz, P A and
                 Deutsch, E W and Hermjakob, H and Reisinger, F and
                 Griss, J and Vizcaíno, J A and Chambers, M and
                 Pizarro, A and Creasy, D},
  title =        {The {mzIdentML} data standard for mass
                 spectrometry-based proteomics results.},
  journal =      {Mol Cell Proteomics},
  year =         {2012},
  month =        {Jul},
  number =       {7},
  volume =       {11},
  pages =        {M111.014381},
  doi =          {10.1074/mcp.M111.014381},
  PMID =         {22375074}}

@article{Gatto:2012,
	author = {Gatto, L and Lilley, K S},
	title = {{MS}nbase -- an {R}/{B}ioconductor package for isobaric
                 tagged mass spectrometry data visualization,
                 processing and quantitation.},
	journal = {Bioinformatics},
	year = {2012},
	month = {Jan},
	number = {2},
	volume = {28},
	pages = {288-9},
	doi = {10.1093/bioinformatics/btr645},
	pmid = {22113085}
}

@Article{Smith:2006,
  author =       {Smith, C A and Want, E J and O'Maille, G and
                 Abagyan, R and Siuzdak, G},
  title =        {XCMS: processing mass spectrometry data for
                 metabolite profiling using nonlinear peak
                 alignment, matching, and identification.},
  journal =      {Anal Chem},
  year =         {2006},
  month =        {Feb},
  number =       {3},
  volume =       {78},
  pages =        {779-87},
  doi =          {10.1021/ac051437y},
  PMID =         {16448051}}

@Article{Tautenhahn:2008,
  author =       {Tautenhahn, R and Böttcher, C and Neumann, S},
  title =        {Highly sensitive feature detection for high
                 resolution LC/MS.},
  journal =      {BMC Bioinformatics},
  year =         {2008},
  month =        {},
  number =       {},
  volume =       {9},
  pages =        {504},
  doi =          {10.1186/1471-2105-9-504},
  PMID =         {19040729}}

@Article{Walzer:2013,
  author =       {Walzer, M and Qi, D and Mayer, G and Uszkoreit, J
                 and Eisenacher, M and Sachsenberg, T and
                 Gonzalez-Galarza, F F and Fan, J and Bessant, C
                 and Deutsch, E W and Reisinger, F and Vizcaíno, J
                 A and Medina-Aunon, J A and Albar, J P and
                 Kohlbacher, O and Jones, A R},
  title =        {The mzQuantML data standard for mass
                 spectrometry-based quantitative studies in
                 proteomics.},
  journal =      {Mol Cell Proteomics},
  year =         {2013},
  month =        {Aug},
  number =       {8},
  volume =       {12},
  pages =        {2332-40},
  doi =          {10.1074/mcp.O113.028506},
  PMID =         {23599424}}

