@Article{aran2019reference,
   Author="Aran, D.  and Looney, A. P.  and Liu, L.  and Wu, E.  and Fong, V.  and Hsu, A.  and Chak, S.  and Naikawadi, R. P.  and Wolters, P. J.  and Abate, A. R.  and Butte, A. J.  and Bhattacharya, M. ",
   Title="{{R}eference-based analysis of lung single-cell sequencing reveals a transitional profibrotic macrophage}",
   Journal="Nat. Immunol.",
   Year="2019",
   Volume="20",
   Number="2",
   Pages="163--172",
   Month="02"
}

@article{Benayoun2019,
author = {Benayoun, B{\'{e}}r{\'{e}}nice A. and Pollina, Elizabeth A. and Singh, Param Priya and Mahmoudi, Salah and Harel, Itamar and Casey, Kerriann M. and Dulken, Ben W. and Kundaje, Anshul and Brunet, Anne},
doi = {10.1101/gr.240093.118},
journal = {Genome Research},
volume = {29},
pages = {697-709},
title = {{Remodeling of epigenome and transcriptome landscapes with aging in mice reveals widespread induction of inflammatory responses}},
year = {2019}
}

@article{blueprintRef,
    author = {Martens, Joost H A and Stunnenberg, Hendrik G.},
    doi = {10.3324/haematol.2013.094243},
    journal = {Haematologica},
    title = {{BLUEPRINT: Mapping human blood cell epigenomes}},
    year = {2013},
    volume = {98},
    pages = {1487-1489}
}


@article{encodeRef,
author = {{The ENCODE Project Consortium}},
doi = {10.1038/nature11247},
issn = {14764687},
journal = {Nature},
title = {{An integrated encyclopedia of DNA elements in the human genome}},
year = {2012}
}


@Article{grun2016denovo,
    Author="Grun, D.  and Muraro, M. J.  and Boisset, J. C.  and Wiebrands, K.  and Lyubimova, A.  and Dharmadhikari, G.  and van den Born, M.  and van Es, J.  and Jansen, E.  and Clevers, H.  and de Koning, E. J. P.  and van Oudenaarden, A. ",
    Title="{{D}e {N}ovo {P}rediction of {S}tem {C}ell {I}dentity using {S}ingle-{C}ell {T}ranscriptome {D}ata}",
    Journal="Cell Stem Cell",
    Year="2016",
    Volume="19",
    Number="2",
    Pages="266--277",
    Month="08"
}

@article{hpcaRef,
author = {Mabbott, Neil A. and Baillie, J. K. and Brown, Helen and Freeman, Tom C. and Hume, David A.},
doi = {10.1186/1471-2164-14-632},
journal = {BMC Genomics},
volume = {14},
title = {{An expression atlas of human primary cells: Inference of gene function from coexpression networks}},
year = {2013}
}

@article{ImmGenRef,
    author = {Heng, Tracy S.P. and Painter, Michio W. and Elpek, Kutlu and Lukacs-Kornek, Veronika and Mauermann, Nora and Turley, Shannon J. and Koller, Daphne and Kim, Francis S. and Wagers, Amy J. and Asinovski, Natasha and Davis, Scott and Fassett, Marlys and Feuerer, Markus and Gray, Daniel H.D. and Haxhinasto, Sokol and Hill, Jonathan A. and Hyatt, Gordon and Laplace, Catherine and Leatherbee, Kristen and Mathis, Diane and Benoist, Christophe and Jianu, Radu and Laidlaw, David H. and Best, J. Adam and Knell, Jamie and Goldrath, Ananda W. and Jarjoura, Jessica and Sun, Joseph C. and Zhu, Yanan and Lanier, Lewis L. and Ergun, Ayla and Li, Zheng and Collins, James J. and Shinton, Susan A. and Hardy, Richard R. and Friedline, Randall and Sylvia, Katelyn and Kang, Joonsoo},
    journal = {Nature Immunology},
    volume = {9},
    issue = {10},
    pages = {1091-4},
    doi = {10.1038/ni1008-1091},
    title = {{The immunological genome project: Networks of gene expression in immune cells}},
    year = {2008}
}


@Article{lamanno2016molecular,
   Author="La Manno, G.  and Gyllborg, D.  and Codeluppi, S.  and Nishimura, K.  and Salto, C.  and Zeisel, A.  and Borm, L. E.  and Stott, S. R. W.  and Toledo, E. M.  and Villaescusa, J. C.  and Lonnerberg, P.  and Ryge, J.  and Barker, R. A.  and Arenas, E.  and Linnarsson, S. ",
   Title="{{M}olecular {D}iversity of {M}idbrain {D}evelopment in {M}ouse, {H}uman, and {S}tem {C}ells}",
   Journal="Cell",
   Year="2016",
   Volume="167",
   Number="2",
   Pages="566--580",
   Month="Oct"
}
@Article{muraro2016singlecell,
    Author="Muraro, M. J.  and Dharmadhikari, G.  and Grun, D.  and Groen, N.  and Dielen, T.  and Jansen, E.  and van Gurp, L.  and Engelse, M. A.  and Carlotti, F.  and de Koning, E. J.  and van Oudenaarden, A. ",
    Title="{{A} {S}ingle-{C}ell {T}ranscriptome {A}tlas of the {H}uman {P}ancreas}",
    Journal="Cell Syst",
    Year="2016",
    Volume="3",
    Number="4",
    Pages="385--394",
    Month="Oct"
}

@article{diceRef,
  title = {Impact of {Genetic} {Polymorphisms} on {Human} {Immune} {Cell} {Gene} {Expression}},
  volume = {175},
  issn = {0092-8674},
  url = {http://www.sciencedirect.com/science/article/pii/S009286741831331X},
  doi = {10.1016/j.cell.2018.10.022},
  number = {6},
  journal = {Cell},
  author = {Schmiedel, Benjamin J. and Singh, Divya and Madrigal, Ariel and Valdovino-Gonzalez, Alan G. and White, Brandie M. and Zapardiel-Gonzalo, Jose and Ha, Brendan and Altay, Gokmen and Greenbaum, Jason A. and McVicker, Graham and Seumois, Grégory and Rao, Anjana and Kronenberg, Mitchell and Peters, Bjoern and Vijayanand, Pandurangan},
  month = "Nov",
  year = {2018},
  pages = {1701--1715.e16},
}

@article{monaco_immuneRef,
  title = {{RNA}-{Seq} {Signatures} {Normalized} by {mRNA} {Abundance} {Allow} {Absolute} {Deconvolution} of {Human} {Immune} {Cell} {Types}},
  volume = {26},
  issn = {2211-1247},
  doi = {10.1016/j.celrep.2019.01.041},
  number = {6},
  journal = {Cell Reports},
  author = {Monaco, Gianni and Lee, Bernett and Xu, Weili and Mustafah, Seri and Hwang, You Yi and Carré, Christophe and Burdin, Nicolas and Visan, Lucian and Ceccarelli, Michele and Poidinger, Michael and Zippelius, Alfred and Pedro de Magalhães, João and Larbi, Anis},
  month = "Feb",
  year = {2019},
  pmid = {30726743},
  pmcid = {PMC6367568},
  pages = {1627--1640.e7}
}

@article{dmapRef,
  title = {Densely interconnected transcriptional circuits control cell states in human hematopoiesis},
  volume = {144},
  issn = {1097-4172},
  doi = {10.1016/j.cell.2011.01.004},
  number = {2},
  journal = {Cell},
  author = {Novershtern, Noa and Subramanian, Aravind and Lawton, Lee N. and Mak, Raymond H. and Haining, W. Nicholas and McConkey, Marie E. and Habib, Naomi and Yosef, Nir and Chang, Cindy Y. and Shay, Tal and Frampton, Garrett M. and Drake, Adam C. B. and Leskov, Ilya and Nilsson, Bjorn and Preffer, Fred and Dombkowski, David and Evans, John W. and Liefeld, Ted and Smutko, John S. and Chen, Jianzhu and Friedman, Nir and Young, Richard A. and Golub, Todd R. and Regev, Aviv and Ebert, Benjamin L.},
  month = "Jan",
  year = {2011},
  pmid = {21241896},
  pmcid = {PMC3049864},
  pages = {296--309}
}
