@article{Oliver2006,
    author  = "Oliver Bembom",
    title   = "seqLogo: Sequence logos for DNA sequence alignments",
    year    = "2006",
    journal = "R package version 1.5.4"
}
@article{Eloi2010,
    author  = "Eloi Mercier and Raphael Gottardo",
    title   = "MotIV: Motif Identification and Validation",
    year    = "2010",
    journal = "R package version 1.10.0"
}
@article{Mahony2007,
    author  = "Mahony S and Benos PV",
    title   = "STAMP: a web tool for exploring DNA-binding motif similarities",
    year    = "2007",
    journal = "Nucleic Acids Res.",
    volume  = "35(Web Server issue)",
    pages   = "W253-W258"
}
@article{foat2006statistical,
  title={Statistical mechanical modeling of genome-wide transcription factor occupancy data by MatrixREDUCE},
  author={Foat, Barrett C and Morozov, Alexandre V and Bussemaker, Harmen J},
  journal={Bioinformatics},
  volume={22},
  number={14},
  pages={e141--e149},
  year={2006},
  publisher={Oxford University Press}
}