
% 9808944 (JID) 22425584 (UI)
@Article{bolstad2003,
   Author="Bolstad, B. M. and Irizarry, R. A. and Astrand, M. and Speed, T. P.",
   Title="{A comparison of normalization methods for high density oligonucleotide array data based on variance and bias}",
   Journal="Bioinformatics",
   Year="2003",
   Volume="19",
   Number="2",
   Pages="185-193",
   Month="Jan"
}


% 0411011 (JID) 22470258 (UI) 
@Article{IrizarryA, Author="Irizarry, R. A. and Bolstad, B. M. and Collin, F. and Cope, L. M. and Hobbs, B. and Speed, T. P.", 
Title="{Summaries of Affymetrix GeneChip probe level data}", 
Journal="Nucleic Acids Res", 
Year="2003", 
Volume="31", 
Number="4", 
Pages="e15", 
Month="Feb" } 




@article{IrizarryB,
author = {Irizarry, R. A. and Hobbs, B. and Collin, F. and Beazer-Barclay, Y. D. and Antonellis, K. J. and Scherf, U. and Speed, T. P.},
title = {{Exploration, normalization, and summaries of high density oligonucleot
ide array probe level data}},
journal = {Biostat},
volume = {4},
number = {2},
pages = {249-264},
year = {2003},
URL = {http://biostatistics.oupjournals.org/cgi/content/abstract/4/2/249},
eprint = {http://biostatistics.oupjournals.org/cgi/reprint/4/2/249.pdf}
}


@PHDTHESIS{bolstadthesis2004,
author ={Bolstad, B. M.},
title = {Low Level Analysis of High-Density Oligonucleotide Data: Background, Normalization and Summarization},
school = "University of California, Berkeley",
year = {2004}
}


@BOOK{Huber:1981,
AUTHOR = "P. J. Huber",
TITLE = "Robust statistics",
 PUBLISHER = "John Wiley \& Sons, Inc",
        YEAR = "1981",
ADDRESS = {New York, New York}
}
