@article{CalibBelt1,
author = "Finazzi, S. and Poole, D. and Luciani, D. and Cogo, P. E. and Bertolini, G.",
title = "Calibration belt for quality of care assessment based on dichotomous outcome",
journal = "PLoS ONE",
volume = "6",
number="2",
year = "2011",
pages = "e16110",
doi = {10.1371/journal.pone.0016110}
}

@article {CalibBelt2,
author = {Nattino, Giovanni and Finazzi, Stefano and Bertolini, Guido},
title = {A new calibration test and a reappraisal of the calibration belt for the assessment of prediction models based on dichotomous outcomes},
journal = {Statistics in Medicine},
issn = {1097-0258},
url = {http://dx.doi.org/10.1002/sim.6100},
doi = {10.1002/sim.6100},
keywords = {calibration test, dichotomous outcome models, goodness-of-fit, logistic regression models},
year = {2014},
}

@article {CalibBelt3,
author = {Nattino, Giovanni and Finazzi, Stefano and Bertolini, Guido},
title = {A new test and graphical tool to assess the goodness of fit of logistic regression models},
journal = {Statistics in Medicine},
issn = {1097-0258},
url = {http://dx.doi.org/10.1002/sim.6744},
doi = {10.1002/sim.6744},
keywords = {calibration test, dichotomous outcome models, goodness-of-fit, logistic regression models, graphical methods},
year = {2016},
}

@book{prosafeReport,
author = "GiViTI",
title = "PROSAFE project - 2015 report",
year = "2016",
publisher = "Sestante Edizioni",
url = "http://www.giviti.marionegri.it/Download/ReportPROSAFE_2015_EN_Polivalenti_ITALIA.pdf",
address = "Bergamo"
}

@article{SAPSII,
author = {Le Gall, J and Lemeshow, S and Saulnier, F},
title = {A new simplified acute physiology score (saps ii) based on a european/north american multicenter study},
journal = {JAMA},
volume = {270},
number = {24},
pages = {2957-2963},
year = {1993},
doi = {10.1001/jama.1993.03510240069035},
URL = { + http://dx.doi.org/10.1001/jama.1993.03510240069035},
eprint = {/data/Journals/JAMA/9835/jama_270_24_035.pdf}
}

@misc{givitiWebsite,
   author = "GiViTI",
   title = "GiViTI Home page",
   year = "2016",
   url = "http://www.giviti.marionegri.it/",
   note = "[Online; accessed 13-July-2016]"
}
