% Encoding: ISO8859_1

@Article{igraph,
title = {The igraph software package for complex network research},
author = {Csardi, Gabor and Nepusz, Tamas},
journal = {InterJournal},
volume = {Complex Systems},
pages = {1695},
year = {2006},
url = {http://igraph.sf.net},
}

@Manual{igraph2,
title = {igraph: Network Analysis and Visualization},
author = {Csardi, Gabor},
year = {2019},
url = {https://CRAN.R-project.org/package=igraph},
note = {R package version 1.2.4.1}
}

@Article{Curtis2012,
title = {The genomic and transcriptomic architecture of 2,000 breast tumours reveals novel subgroups},
author = {Curtis,	Christina and Shah,	Sohrab and Chin,	Suet-Feung  and Turashvili,	Gulisa and Rueda,	Oscar amd Dunning, Mark and	Speed, Doug and et al},
journal = {Nature},
volume = {486},
pages = {346-352},
year = {2012},
doi = {10.1038/nature10983}
}

@article{Robertson2017,
author = {Robertson, A G and Kim J and Al-Ahmadie H and Bellmunt J and Guo G and Cherniack A D and Hinoue T and 
Laird P W and Hoadley K A and Akbani R and Castro M A A and Gibb E A and Kanchi R S and Gordenin D A and
Shukla S A and Sanchez-Vega F and Hansel D E and Czerniak B A and Reuter V E and Su X and de Sa
Carvalho B and Chagas V S and Mungall K L and Sadeghi S and Pedamallu C S and Lu Y and Klimczak L J and
Zhang J and Choo C and Ojesina A I and Bullman S and Leraas K M and Lichtenberg T M and Wu C J and Schultz
N and Getz G and Meyerson M and Mills G B and McConkey D J and TCGA Research Network and Weinstein
JN  and Kwiatkowski D J and Lerner S P},
doi = {10.1016/j.cell.2017.09.007},
journal = {Cell},
number = {3},
pages = {540--556},
title = {{Comprehensive Molecular Characterization of Muscle-Invasive Bladder Cancer}},
volume = {171},
year = {2017}
}

@article {Corces2018,
author = {Corces, M. Ryan and Granja, Jeffrey M. and Shams, Shadi and Louie, Bryan H. and Seoane, Jose A. and Zhou, Wanding and Silva, Tiago C. and Groeneveld, Clarice and Wong, Christopher K. and Cho, Seung Woo and Satpathy, Ansuman T. and Mumbach, Maxwell R. and Hoadley, Katherine A. and Robertson, A. Gordon and Sheffield, Nathan C. and Felau, Ina and Castro, Mauro A. A. and Berman, Benjamin P. and Staudt, Louis M. and Zenklusen, Jean C. and Laird, Peter W. and Curtis, Christina and , and Greenleaf, William J. and Chang, Howard Y.},
editor = {Akbani, Rehan and Benz, Christopher C. and Boyle, Evan A. and Broom, Bradley M. and Cherniack, Andrew D. and Craft, Brian and Demchok, John A. and Doane, Ashley S. and Elemento, Olivier and Ferguson, Martin L. and Goldman, Mary J. and Hayes, D. Neil and He, Jing and Hinoue, Toshinori and Imielinski, Marcin and Jones, Steven J. M. and Kemal, Anab and Knijnenburg, Theo A. and Korkut, Anil and Lin, De-Chen and Liu, Yuexin and Mensah, Michael K. A. and Mills, Gordon B. and Reuter, Vincent P. and Schultz, Andre and Shen, Hui and Smith, Jason P. and Tarnuzzer, Roy and Trefflich, Sheyla and Wang, Zhining and Weinstein, John N. and Westlake, Lindsay C. and Xu, Jin and Yang, Liming and Yau, Christina and Zhao, Yang and Zhu, Jingchun},
title = {The chromatin accessibility landscape of primary human cancers},
volume = {362},
number = {6413},
elocation-id = {eaav1898},
year = {2018},
doi = {10.1126/science.aav1898},
issn = {0036-8075},
journal = {Science}
}

@Manual{Rcore,
title = {R: A Language and Environment for Statistical Computing},
author = {{R Core Team}},
organization = {R Foundation for Statistical Computing},
address = {Vienna, Austria},
year = {2012},
note = {{ISBN} 3-900051-07-0},
url = {http://www.R-project.org/},
}

@Article{Gentleman2004,
AUTHOR = {Gentleman, Robert and Carey, Vincent and Bates, Douglas and Bolstad, Ben and Dettling, Marcel and Dudoit, Sandrine and Ellis, Byron and Gautier, Laurent and Ge, Yongchao and Gentry, Jeff and Hornik, Kurt and Hothorn, Torsten and Huber, Wolfgang and Iacus, Stefano and Irizarry, Rafael and Leisch, Friedrich and Li, Cheng and Maechler, Martin and Rossini, Anthony and Sawitzki, Gunther and Smith, Colin and Smyth, Gordon and Tierney, Luke and Yang, Jean and Zhang, Jianhua},
TITLE = {Bioconductor: open software development for computational biology and bioinformatics},
JOURNAL = {Genome Biology},
VOLUME = {5},
YEAR = {2004},
NUMBER = {10},
PAGES = {R80},
DOI = {10.1186/gb-2004-5-10-r80},
PubMedID = {15461798},
ISSN = {1465-6906},
}

@article{Subramanian2005,
author = {Subramanian, Aravind and Tamayo, Pablo and Mootha, Vamsi and Mukherjee, Sayan and Ebert, Benjamin and Gillette, Michael and Paulovich, Amanda and Pomeroy, Scott and Golub, Todd and Lander, Eric and Mesirov, Jill}, 
title = {Gene set enrichment analysis: A knowledge-based approach for interpreting genome-wide expression profiles}, 
volume = {102}, 
number = {43}, 
pages = {15545-15550}, 
year = {2005}, 
doi = {10.1073/pnas.0506580102},
journal = {Proceedings of the National Academy of Sciences of the United States of America}, 
}

@Article{Castro2012,
author = {Castro, Mauro and Wang, Xin and Fletcher, Michael and Meyer, Kerstin and Markowetz, Florian},
title = {{RedeR}: R/Bioconductor package for representing modular structures, nested networks and multiple levels of hierarchical associations.},
journal = {Genome Biology},
year = {2012},
volume = {13},
pages = {R29},
number = {4},
doi = {10.1186/gb-2012-13-4-r29}
}

@Article{Fletcher2013,
author = {Fletcher, Michael and Castro, Mauro and Chin, Suet-Feung and Rueda, Oscar and Wang, Xin and Caldas, Carlos and Ponder, Bruce and Markowetz, Florian and Meyer, Kerstin},
title = {Master regulators of {FGFR2} signalling and breast cancer risk.},
journal = {Nature Communications},
year = {2013},
volume = {4},
pages = {2464},
doi = {10.1038/ncomms3464}
}

@article{Campbell2016,
author = {Campbell, Thomas and Castro, Mauro and de Santiago, Ines and Fletcher, Michael and Halim, Silvia and Prathalingam, Radhika and Ponder, Bruce and Meyer, Kerstin},
title = {FGFR2 risk SNPs confer breast cancer risk by augmenting oestrogen responsiveness},
journal = {Carcinogenesis},
volume = {37},
number = {8},
pages = {741--750},
year = {2016},
doi = {10.1093/carcin/bgw065}
}

@article{caret2018,
title = {caret: Classification and Regression Training},
author = {Max Kuhn},
year = {2018},
journal = {R package version 6.0-79},
url = {https://CRAN.R-project.org/package=caret},
}

@article{hdnom2018,
title = {hdnom: Building Nomograms for Penalized Cox Models with High-Dimensional Survival Data},
author = {Xiao, N and Xu, Q Xu and Li. M},
year = {2018},
journal = {R package version 5.0},
url = {https://CRAN.R-project.org/package=hdnom},
}

@article{rms2018,
title = {rms: Regression Modeling Strategies},
author = {Harrell, F E},
year = {2018},
journal = {R package version 5.1-2},
url = {https://CRAN.R-project.org/package=rms},
}

@article{Shin2018,
author = {Shin, S Y and MÃ¼ller, A K and Verma, N and Lev, S and Nguyen, L K},
journal = {PLoS Comput Biol},
pages = {e1006192},
title = {Systems modelling of the {EGFR-PYK2-c-Met} interaction network predicts and prioritizes synergistic drug combinations for triple-negative breast cancer},
volume = {14},
number={6},
year = {2018}
}

@article{Lakens2018,
author = {Lakens, Daniel and Adolfi, Federico G. and Albers, Casper J. and Anvari, Farid and Apps, Matthew A. J. and Argamon, Shlomo E. and Baguley, Thom and Becker, Raymond B. and Benning, Stephen D. and Bradford, Daniel E. and Buchanan, Erin M. and Caldwell, Aaron R. and Van Calster, Ben and Carlsson, Rickard and Chen, Sau-Chin and Chung, Bryan and Colling, Lincoln J. and Collins, Gary S. and Crook, Zander and Cross, Emily S. and Daniels, Sameera and Danielsson, Henrik and DeBruine, Lisa and Dunleavy, Daniel J. and Earp, Brian D. and Feist, Michele I. and Ferrell, Jason D. and Field, James G. and Fox, Nicholas W. and Friesen, Amanda and Gomes, Caio and Gonzalez-Marquez, Monica and Grange, James A. and Grieve, Andrew P. and Guggenberger, Robert and Grist, James and van Harmelen, Anne-Laura and Hasselman, Fred and Hochard, Kevin D. and Hoffarth, Mark R. and Holmes, Nicholas P. and Ingre, Michael and Isager, Peder M. and Isotalus, Hanna K. and Johansson, Christer and Juszczyk, Konrad and Kenny, David A. and Khalil, Ahmed A. and Konat, Barbara and Lao, Junpeng and Larsen, Erik Gahner and Lodder, Gerine M. A. and Lukavsky, Jiri and Madan, Christopher R. and Manheim, David and Martin, Stephen R. and Martin, Andrea E. and Mayo, Deborah G. and McCarthy, Randy J. and McConway, Kevin and McFarland, Colin and Nio, Amanda Q. X. and Nilsonne, Gustav and de Oliveira, Cilene Lino and de Xivry, Jean-Jacques Orban and Parsons, Sam and Pfuhl, Gerit and Quinn, Kimberly A. and Sakon, John J. and Saribay, S. Adil and Schneider, Iris K. and Selvaraju, Manojkumar and Sjoerds, Zsuzsika and Smith, Samuel G. and Smits, Tim and Spies, Jeffrey R. and Sreekumar, Vishnu and Steltenpohl, Crystal N. and Stenhouse, Neil and Swiatkowski, Wojciech and Vadillo, Miguel A. and Van Assen, Marcel A. L. M. and Williams, Matt N. and Williams, Samantha E. and Williams, Donald R. and Yarkoni, Tal and Ziano, Ignazio and Zwaan, Rolf A.},
title = {Justify your alpha},
volume = {2},
year = {2018},
pages = {168--171},
journal = {Nature Human Behaviour},
doi={10.1038/s41562-018-0311-x},
}

@article{Miller2019,
author = {Miller, Jeff AND Ulrich, Rolf},
journal = {PLOS ONE},
publisher = {Public Library of Science},
title = {The quest for an optimal alpha},
year = {2019},
month = {01},
volume = {14},
url = {https://doi.org/10.1371/journal.pone.0208631},
pages = {1-13},
number = {1},
doi = {10.1371/journal.pone.0208631}
}

@article{Mudge2012,
author = {Mudge, J F and Baker, L F and Edge, C B and Houlahan, J E},
title = {Setting an Optimal alpha That Minimizes Errors in Null Hypothesis Significance Tests},
volume = {7},
number = {2},
year = {2012},
pages = {e32734},
journal = {PLoS ONE},
doi = {10.1371/journal.pone.0032734}
}

@article{Rauscher2018,
author = {Rauscher, B and Heigwer, F and Henkel, L and Hielscher, T and Voloshanenko, O and Boutros, M},
title = {Toward an integrated map of genetic interactions in cancer cells},
volume = {14},
number = {2},
year = {2018},
pages = {e7656},
journal = {Molecular Systems Biology}
}

@Article{Hayes2009,
author={Hayes, A F and Matthes, J},
title={Computational procedures for probing interactions in {OLS} and logistic regression: {SPSS} and {SAS} implementations},
journal={Behavior Research Methods},
year={2009},
volume={41},
number={3},
pages={924--936},
doi={10.3758/BRM.41.3.924},
url={https://doi.org/10.3758/BRM.41.3.924}
}

@article{Castro2016,
author = {Castro, Mauro and de Santiago, Ines and Campbell, Thomas and Vaughn, Courtney and Hickey, Theresa and Ross, Edith and Tilley, Wayne and Markowetz, Florian and Ponder, Bruce and Meyer, Kerstin},
title = {Regulators of genetic risk of breast cancer identified by integrative network analysis},
journal = {Nature Genetics},
volume = {48},
pages = {12--21},
year = {2016},
doi = {10.1038/ng.3458}
}

@article{Wang2011,
author = {Wang, Xin and Terfve, Camille and Rose, John and Markowetz, Florian}, 
title = {HTSanalyzeR: an {R}/Bioconductor package for integrated network analysis of high-throughput screens}, 
volume = {27}, 
number = {6}, 
pages = {879-880}, 
year = {2011}, 
doi = {10.1093/bioinformatics/btr028},
journal = {Bioinformatics} 
}

@Article{Margolin2006a,
AUTHOR = {Margolin, Adam and Nemenman, Ilya and Basso, Katia and Wiggins, Chris and Stolovitzky, Gustavo and Favera, Riccardo and Califano, Andrea},
TITLE = {{ARACNE}: An Algorithm for the Reconstruction of Gene Regulatory Networks in a Mammalian Cellular Context},
JOURNAL = {BMC Bioinformatics},
VOLUME = {7},
YEAR = {2006},
NUMBER = {Suppl 1},
PAGES = {S7},
DOI = {10.1186/1471-2105-7-S1-S7},
PubMedID = {16723010},
ISSN = {1471-2105},
}

@article {Campbell2018,
author = {Campbell, Thomas M. and Castro, Mauro A. A. and de Oliveira, Kelin Gon{\c c}alves and Ponder, Bruce A. J. and Meyer, Kerstin B.},
title = {ERÎ± Binding by Transcription Factors NFIB and YBX1 Enables FGFR2 Signaling to Modulate Estrogen Responsiveness in Breast Cancer},
volume = {78},
number = {2},
pages = {410--421},
year = {2018},
doi = {10.1158/0008-5472.CAN-17-1153},
issn = {0008-5472},
journal = {Cancer Research}
}

@article{Margolin2006b,
doi = {10.1038/nprot.2006.106},
author = {Margolin, Adam and Wang, Kai and Lim, Wei Keat and Kustagi, Manjunath and Nemenman, Ilya and Califano, Andrea},
issn = {1754-2189},
journal = {Nature Protocols},
number = {2},
pages = {662--671},
title = {Reverse engineering cellular networks},
volume = {1},
year = {2006}
}

@article{Lefebvre2010,
Annote = {10.1038/msb.2010.31},
Author = {Lefebvre, Celine and Rajbhandari, Presha and Alvarez, Mariano J and Bandaru, Pradeep and Lim, Wei Keat and Sato, Mai and Wang, Kai and Sumazin, Pavel and Kustagi, Manjunath and Bisikirska, Brygida C and Basso, Katia and Beltrao, Pedro and Krogan, Nevan and Gautier, Jean and Dalla-Favera, Riccardo and Califano, Andrea},
Journal = {Mol Syst Biol},
Title = {A human B-cell interactome identifies MYB and FOXM1 as master regulators of proliferation in germinal centers},
Volume = {6},
Number = {377},	
Year = {2010},
Pages = {1--10},
doi = {10.1038/msb.2010.31}
}

@article{Carro2010,
Annote = {10.1038/nature08712},
Author = {Carro, Maria and Lim, Wei and Alvarez, Mariano and Bollo, Robert and Zhao, Xudong and Snyder, Evan and Sulman, Erik and Anne, Sandrine and Doetsch, Fiona and Colman, Howard and Lasorella, Anna and Aldape, Ken and Califano, Andrea and Iavarone, Antonio},
Journal = {Nature},
Number = {7279},
Pages = {318--325},
Title = {The transcriptional network for mesenchymal transformation of brain tumours},
Volume = {463},
Year = {2010},
doi = {10.1038/nature08712}
}

@article{Carro2009,
author = {Carro, M S and Lim, W K and Alvarez, M J and Bollo, R J, Zhao, X and Snyder, E Y and Sulman, E P and Anne, S L and Doetsch, F and Colman, H and Lasorella, A and Aldape, K and Califano, A and Iavarone, A},
title = "{The transcriptional network for mesenchymal transformation of brain tumors}",
journal = {Nature},
volume = {463},
number = {7279},
pages = {318--325},
year = {2010},
doi = {10.1038/nature08712}
}

@article{Vaquerizas2009,
author = {Vaquerizas, J M and Kummerfeld, S K and Teichmann, S A and Luscombe, N M},
title = "{A census of human transcription factors: function, expression and evolution}",
journal = {Nature Reviews Genetics},
volume = {10},
number = {4},
pages = {252--263},
year = {2009},
doi = {10.1038/nrg2538}
}

@article{Fulton2009,
author = {Fulton, D L and Sundararajan, S and Badis, G and Hughes, T R and Wasserman, W W and Roach, J C and Sladek, R},
title = "{TFCat: the curated catalog of mouse and human transcription factors}",
journal = {Genome Biology},
volume = {10},
number = {3},
pages = {R29},
year = {2009},
doi = {10.1186/gb-2009-10-3-r29}
}

@Article{Yusuf2012,
author="Yusuf, Dimas
and Butland, Stefanie L.
and Swanson, Magdalena I.
and Bolotin, Eugene
and Ticoll, Amy
and Cheung, Warren A.
and Cindy Zhang, Xiao Yu
and Dickman, Christopher TD
and Fulton, Debra L.
and Lim, Jonathan S.
and Schnabl, Jake M.
and Ramos, Oscar HP
and Vasseur-Cognet, Mireille
and de Leeuw, Charles N.
and Simpson, Elizabeth M.
and Ryffel, Gerhart U.
and Lam, Eric W-F
and Kist, Ralf
and Wilson, Miranda SC
and Marco-Ferreres, Raquel
and Brosens, Jan J.
and Beccari, Leonardo L.
and Bovolenta, Paola
and Benayoun, B{\'e}r{\'e}nice A.
and Monteiro, Lara J.
and Schwenen, Helma DC
and Grontved, Lars
and Wederell, Elizabeth
and Mandrup, Susanne
and Veitia, Reiner A.
and Chakravarthy, Harini
and Hoodless, Pamela A.
and Mancarelli, M. Michela
and Torbett, Bruce E.
and Banham, Alison H.
and Reddy, Sekhar P.
and Cullum, Rebecca L.
and Liedtke, Michaela
and Tschan, Mario P.
and Vaz, Michelle
and Rizzino, Angie
and Zannini, Mariastella
and Frietze, Seth
and Farnham, Peggy J.
and Eijkelenboom, Astrid
and Brown, Philip J.
and Laperri{\`e}re, David
and Leprince, Dominique
and de Cristofaro, Tiziana
and Prince, Kelly L.
and Putker, Marrit
and del Peso, Luis
and Camenisch, Gieri
and Wenger, Roland H.
and Mikula, Michal
and Rozendaal, Marieke
and Mader, Sylvie
and Ostrowski, Jerzy
and Rhodes, Simon J.
and Van Rechem, Capucine
and Boulay, Gaylor
and Olechnowicz, Sam WZ
and Breslin, Mary B.
and Lan, Michael S.
and Nanan, Kyster K.
and Wegner, Michael
and Hou, Juan
and Mullen, Rachel D.
and Colvin, Stephanie C.
and Noy, Peter John
and Webb, Carol F.
and Witek, Matthew E.
and Ferrell, Scott
and Daniel, Juliet M.
and Park, Jason
and Waldman, Scott A.
and Peet, Daniel J.
and Taggart, Michael
and Jayaraman, Padma-Sheela
and Karrich, Julien J.
and Blom, Bianca
and Vesuna, Farhad
and O'Geen, Henriette
and Sun, Yunfu
and Gronostajski, Richard M.
and Woodcroft, Mark W.
and Hough, Margaret R.
and Chen, Edwin
and Europe-Finner, G. Nicholas
and Karolczak-Bayatti, Magdalena
and Bailey, Jarrod
and Hankinson, Oliver
and Raman, Venu
and LeBrun, David P.
and Biswal, Shyam
and Harvey, Christopher J.
and DeBruyne, Jason P.
and Hogenesch, John B.
and Hevner, Robert F.
and H{\'e}ligon, Christophe
and Luo, Xin M.
and Blank, Marissa Cathleen
and Millen, Kathleen Joyce
and Sharlin, David S.
and Forrest, Douglas
and Dahlman-Wright, Karin
and Zhao, Chunyan
and Mishima, Yuriko
and Sinha, Satrajit
and Chakrabarti, Rumela
and Portales-Casamar, Elodie
and Sladek, Frances M.
and Bradley, Philip H.
and Wasserman, Wyeth W.",
title="The Transcription Factor Encyclopedia",
journal="Genome Biology",
year="2012",
month="Mar",
day="29",
volume="13",
number="3",
pages="R24",
doi="10.1186/gb-2012-13-3-r24"
}

@article{Ravasi2010,
author = {Ravasi, T and Suzuki, H and Cannistraci, C V and Katayama, S and Bajic, V B and Tan, K and Akalin, A and Schmeier, S and Kanamori-Katayama, M and Bertin, N and Carninci, P and Daub, C O and Forrest, A R and Gough, J and Grimmond, S and Han, J H and Hashimoto, T and Hide, W and Hofmann, O and Kamburov, A and Kaur, M and Kawaji, H and Kubosaki, A and Lassmann, T and {van Nimwegen}, E and MacPherson, C R and Ogawa, C and Radovanovic, A and Schwartz, A and Teasdale, R D and TegnÃ©r, J and Lenhard, B and Teichmann, S A and Arakawa, T and Ninomiya, N and Murakami, K and Tagami, M and Fukuda, S and Imamura, K and Kai, C and Ishihara, R and Kitazume, Y and Kawai, J and Hume, D A and Ideker, T and Hayashizaki, Y},
title = "{An atlas of combinatorial transcriptional regulation in mouse and man}",
journal = {Cell},
volume = {140},
number = {5},
pages = {744--752},
year = {2010},
doi = {10.1016/j.cell.2010.01.044}
}

@article{Rouveirol2007,
author = {Rouveirol, CÃ©line and Barillot, Emmanuel and Radvanyi, FranÃ§ois and Elati, Mohamed and Bolotin-Fukuhara, Monique and Neuvial, Pierre},
title = "{LICORN: learning cooperative regulation networks from gene expression data}",
journal = {Bioinformatics},
volume = {23},
number = {18},
pages = {2407--2414},
year = {2007},
month = {09},
issn = {1367-4803},
doi = {10.1093/bioinformatics/btm352},
url = {https://doi.org/10.1093/bioinformatics/btm352}
}

@Article{Meyer2008,
author="Meyer, Patrick E.
and Lafitte, Fr{\'e}d{\'e}ric
and Bontempi, Gianluca",
title="minet: A {R/Bioconductor} Package for Inferring Large Transcriptional Networks Using Mutual Information",
journal="BMC Bioinformatics",
year="2008",
month="Oct",
day="29",
volume="9",
number="1",
pages="461",
issn="1471-2105",
doi="10.1186/1471-2105-9-461",
url="https://doi.org/10.1186/1471-2105-9-461"
}

@article{Beisser2010,
author = {Beisser, Daniela and Klau, Gunnar W. and Dittrich, Marcus T. and Dandekar, Thomas and MÃ¼ller, Tobias},
title = "{BioNet: an R-Package for the functional analysis of biological networks}",
journal = {Bioinformatics},
volume = {26},
number = {8},
pages = {1129-1130},
year = {2010},
month = {02},
doi = {10.1093/bioinformatics/btq089},
url = {https://doi.org/10.1093/bioinformatics/btq089}
}

@article{Nicolle2015,
    author = {Nicolle, RÃ©my and Radvanyi, FranÃ§ois and Elati, Mohamed},
    title = "{CoRegNet: reconstruction and integrated analysis of co-regulatory networks}",
    journal = {Bioinformatics},
    volume = {31},
    number = {18},
    pages = {3066-3068},
    year = {2015},
    month = {05},
    issn = {1367-4803},
    doi = {10.1093/bioinformatics/btv305},
    url = {https://doi.org/10.1093/bioinformatics/btv305}
}

@article{Colaprico2016,
author = {Colaprico, Antonio and Silva, Tiago C. and Olsen, Catharina and Garofano, Luciano and Cava, Claudia and Garolini, Davide and Sabedot, Thais S. and Malta, Tathiane M. and Pagnotta, Stefano M. and Castiglioni, Isabella and Ceccarelli, Michele and Bontempi, Gianluca and Noushmehr, Houtan},
title = {TCGAbiolinks: an {R/Bioconductor} package for integrative analysis of TCGA data},
journal = {Nucleic Acids Research},
volume = {44},
number = {8},
pages = {e71},
year = {2016},
doi = {10.1093/nar/gkv1507},
URL = {http://dx.doi.org/10.1093/nar/gkv1507}
}

@article{Groeneveld2019,
author = {Groeneveld, Clarice S and Chagas, Vinicius S and Jones, Steven J M and Robertson, A Gordon and Ponder, Bruce A J and Meyer, Kerstin B and Castro, Mauro A A},
title = "{RTNsurvival: an R/Bioconductor package for regulatory network survival analysis}",
journal = {Bioinformatics},
year = {2019},
month = {03},
pages = {btz229},
issn = {1367-4803},
doi = {10.1093/bioinformatics/btz229}
}

@article{Panaccione2017,
author = {Panaccione, A and Guo, Y and Yarbrough, W G and Ivanov, S V},
doi = {10.1016/j.clbc.2017.01.007},
journal = {Clinical Breast Cancer},
number = {4},
pages = {298--306.e7},
title = {{Expression Profiling of Clinical Specimens Supports the Existence of Neural Progenitor-Like Stem Cells in Basal Breast Cancers.}},
volume = {17},
year = {2017}
}

@article{Lamina2012,
author = {Lamina, C and Sturm, G and Kollerits, B and Kronenberg, F},
doi = {10.1016/j.jclinepi.2012.02.013},
journal = {Journal of Clinical Epidemiology},
number = {8},
pages = {855--862},
title = {{Visualizing interaction effects: a proposal for presentation and interpretation.}},
volume = {65},
year = {2012}
}

@article{Lamb2016,
author = {Lamb J, Crawford E D, Peck D, Modell J W, Blat I C, Wrobel M J, Lerner J, Brunet J P, Subramanian A, Ross K N, Reich M, Hieronymus H, Wei G, Armstrong S A, Haggarty S J, Clemons P A, Wei R, Carr S A, Lander E S, Golub T R},
doi = {10.1158/0008-5472.CAN-17-1153},
journal = {Science},
pages = {1929--1935},
title = {{The Connectivity Map: using gene-expression signatures to connect small molecules, genes, and disease.}},
volume = {313},
year = {2006}
}

@article{Theodorou2013,
author = {Theodorou, V and Stark, R and Menon, S and Carroll, J S},
doi = {10.1101/gr.139469.112},
journal = {Genome Research},
number = {1},
pages = {12--22},
title = {{GATA3 acts upstream of FOXA1 in mediating ESR1 binding by shaping enhancer accessibility.}},
volume = {23},
year = {2013}
}

@article{Chagas2019,
author = {Chagas, Vinicius S and Groeneveld, Clarice S and Oliveira, Kelin G and Trefflich, Sheyla and de Almeida, Rodrigo C and Ponder, Bruce A J and Meyer, Kerstin B and Jones, Steven J M and Robertson, A Gordon and Castro, Mauro A A},
title = "{RTNduals: an R/Bioconductor package for analysis of co-regulation and inference of dual regulons}",
journal = {Bioinformatics},
year = {2019},
month = {06},
issn = {1367-4803},
doi = {10.1093/bioinformatics/btz534}
}

@article{Lambert2018,
author = {Lambert, S A and Jolma, A and Campitelli, L F and Das, P K and Yin, Y and Albu, M and Chen, X and Taipale, J and Hughes, T R and Weirauch M T},
title = "{The Human Transcription Factors}",
journal = {Cell},
year = {2018},
volume = {172},
number = {4},
pages = {650--665},
doi = {10.1016/j.cell.2018.01.029}
}





