@article{gilbert2018current,
  title={Current understanding of the human microbiome},
  author={Gilbert, Jack A and Blaser, Martin J and Caporaso, J Gregory and Jansson, Janet K and Lynch, Susan V and Knight, Rob},
  journal={Nature medicine},
  volume={24},
  number={4},
  pages={392--400},
  year={2018},
  publisher={Nature Publishing Group}
}

@article{manor2020health,
  title={Health and disease markers correlate with gut microbiome composition across thousands of people},
  author={Manor, Ohad and Dai, Chengzhen L and Kornilov, Sergey A and Smith, Brett and Price, Nathan D and Lovejoy, Jennifer C and Gibbons, Sean M and Magis, Andrew T},
  journal={Nature communications},
  volume={11},
  number={1},
  pages={1--12},
  year={2020},
  publisher={Nature Publishing Group}
}

@article{parks2014stamp,
  title={STAMP: statistical analysis of taxonomic and functional profiles},
  author={Parks, Donovan H and Tyson, Gene W and Hugenholtz, Philip and Beiko, Robert G},
  journal={Bioinformatics},
  volume={30},
  number={21},
  pages={3123--3124},
  year={2014},
  publisher={Oxford University Press}
}

@article{robinson2010edger,
  title={edgeR: a Bioconductor package for differential expression analysis of digital gene expression data},
  author={Robinson, Mark D and McCarthy, Davis J and Smyth, Gordon K},
  journal={Bioinformatics},
  volume={26},
  number={1},
  pages={139--140},
  year={2010},
  publisher={Oxford University Press}
}

@article{love2014moderated,
  title={Moderated estimation of fold change and dispersion for RNA-seq data with DESeq2},
  author={Love, Michael I and Huber, Wolfgang and Anders, Simon},
  journal={Genome biology},
  volume={15},
  number={12},
  pages={1--21},
  year={2014},
  publisher={BioMed Central}
}

@article{paulson2013differential,
  title={Differential abundance analysis for microbial marker-gene surveys},
  author={Paulson, Joseph N and Stine, O Colin and Bravo, H{\'e}ctor Corrada and Pop, Mihai},
  journal={Nature methods},
  volume={10},
  number={12},
  pages={1200--1202},
  year={2013},
  publisher={Nature Publishing Group}
}

@article{segata2011metagenomic,
  title={Metagenomic biomarker discovery and explanation},
  author={Segata, Nicola and Izard, Jacques and Waldron, Levi and Gevers, Dirk and Miropolsky, Larisa and Garrett, Wendy S and Huttenhower, Curtis},
  journal={Genome biology},
  volume={12},
  number={6},
  pages={1--18},
  year={2011},
  publisher={Springer}
}

@article{bolyen2019reproducible,
  title={Reproducible, interactive, scalable and extensible microbiome data science using QIIME 2},
  author={Bolyen, Evan and Rideout, Jai Ram and Dillon, Matthew R and Bokulich, Nicholas A and Abnet, Christian C and Al-Ghalith, Gabriel A and Alexander, Harriet and Alm, Eric J and Arumugam, Manimozhiyan and Asnicar, Francesco and others},
  journal={Nature biotechnology},
  volume={37},
  number={8},
  pages={852--857},
  year={2019},
  publisher={Nature Publishing Group}
}

@article{callahan2016dada2,
  title={DADA2: high-resolution sample inference from Illumina amplicon data},
  author={Callahan, Benjamin J and McMurdie, Paul J and Rosen, Michael J and Han, Andrew W and Johnson, Amy Jo A and Holmes, Susan P},
  journal={Nature methods},
  volume={13},
  number={7},
  pages={581--583},
  year={2016},
  publisher={Nature Publishing Group}
}

@article{weiss2017normalization,
  title={Normalization and microbial differential abundance strategies depend upon data characteristics},
  author={Weiss, Sophie and Xu, Zhenjiang Zech and Peddada, Shyamal and Amir, Amnon and Bittinger, Kyle and Gonzalez, Antonio and Lozupone, Catherine and Zaneveld, Jesse R and V{\'a}zquez-Baeza, Yoshiki and Birmingham, Amanda and others},
  journal={Microbiome},
  volume={5},
  number={1},
  pages={1--18},
  year={2017},
  publisher={Springer}
}

@article{law2014voom,
  title={voom: Precision weights unlock linear model analysis tools for RNA-seq read counts},
  author={Law, Charity W and Chen, Yunshun and Shi, Wei and Smyth, Gordon K},
  journal={Genome biology},
  volume={15},
  number={2},
  pages={1--17},
  year={2014},
  publisher={BioMed Central}
}

@article{fernandes2014unifying,
  title={Unifying the analysis of high-throughput sequencing datasets: characterizing RNA-seq, 16S rRNA gene sequencing and selective growth experiments by compositional data analysis},
  author={Fernandes, Andrew D and Reid, Jennifer Ns and Macklaim, Jean M and McMurrough, Thomas A and Edgell, David R and Gloor, Gregory B},
  journal={Microbiome},
  volume={2},
  number={1},
  pages={1--13},
  year={2014},
  publisher={Springer}
}

@article{mandal2015analysis,
  title={Analysis of composition of microbiomes: a novel method for studying microbial composition},
  author={Mandal, Siddhartha and Van Treuren, Will and White, Richard A and Eggesb{\o}, Merete and Knight, Rob and Peddada, Shyamal D},
  journal={Microbial ecology in health and disease},
  volume={26},
  number={1},
  pages={27663},
  year={2015},
  publisher={Taylor \& Francis}
}

@article{lin2020analysis,
  title={Analysis of compositions of microbiomes with bias correction},
  author={Lin, Huang and Peddada, Shyamal Das},
  journal={Nature communications},
  volume={11},
  number={1},
  pages={1--11},
  year={2020},
  publisher={Nature Publishing Group}
}

@article{knights2011supervised,
  title={Supervised classification of microbiota mitigates mislabeling errors},
  author={Knights, Dan and Kuczynski, Justin and Koren, Omry and Ley, Ruth E and Field, Dawn and Knight, Rob and DeSantis, Todd Z and Kelley, Scott T},
  journal={The ISME journal},
  volume={5},
  number={4},
  pages={570--573},
  year={2011},
  publisher={Nature Publishing Group}
}
