@article{Leek2014,
  author = {Leek, Jeffrey T.},
  journal = {Nucleic Acids Research},
  title = {{svaseq: removing batch effects and other unwanted noise from sequencing data}},
  url = {http://dx.doi.org/10.1093/nar/gku864},
  year = 2014,
  volume = 42,
  issue = 21,
}

@article{Risso2014,
  author = {Risso, Davide and Ngai, John and Speed, Terence P and Dudoit, Sandrine},
  journal = {Nature Biotechnology},
  title = {{Normalization of RNA-seq data using factor analysis of control genes or samples}},
  url = {http://dx.doi.org/10.1038/nbt.2931},
  year = 2014,
  volume = 32,
  issue = 9,
}

@article{Zhu2018,
  author = {Zhu, Anqi and Ibrahim, Joseph G. and Love, Michael I.},
  journal = {Bioinformatics},
  title = {Heavy-tailed prior distributions for sequence count data: removing the noise and preserving large differences},
  url = {https://doi.org/10.1093/bioinformatics/bty895},
  year = 2018
}

@article{Gerard2017,
  author = {Gerard, David and Stephens, Matthew},
  journal = {arXiv},
  title = {{Empirical Bayes Shrinkage and False Discovery Rate Estimation, Allowing For Unwanted Variation}},
  url = {https://arxiv.org/abs/1709.10066},
  year = 2017
}

@article{Stephens2016,
  author = {Stephens, Matthew},
  journal = {Biostatistics},
  title = {False discovery rates: a new deal},
  url = {https://doi.org/10.1093/biostatistics/kxw041},
  year = 2016,
  volume = 18,
  issue = 2,
}

@article{Love2016Modeling,
  author =	 {Love, Michael I. and Hogenesch, John B. and Irizarry, Rafael A.},
  journal =	 {Nature Biotechnology},
  title =	 {Modeling of RNA-seq fragment sequence bias reduces systematic errors in transcript abundance estimation},
  url =		 {http://dx.doi.org/10.1038/nbt.3682},
  volume =       34,
  issue =        12,
  pages =        {1287--1291},
  year =	 2016
}

@article{Ignatiadis2016,
  author = {Ignatiadis, Nikolaos and Klaus, Bernd and Zaugg, Judith and Huber, Wolfgang},
  journal = {Nature Methods},
  title = {Data-driven hypothesis weighting increases detection power in genome-scale multiple testing},
  url = {http://dx.doi.org/10.1038/nmeth.3885},
  year = 2016
}

@article{Love2014,
  url =          {http://dx.doi.org/10.1186/s13059-014-0550-8},
  author =       {Love, Michael I. and Huber, Wolfgang and Anders, Simon},
  title =        {{Moderated estimation of fold change and dispersion 
                  for RNA-seq data with DESeq2}},
  journal =      {Genome Biology},
  year =         2014,
  Volume =       15,
  Issue =        12,
  Pages =        550,
}

@article{Soneson2015,
  url =          {http://dx.doi.org/10.12688/f1000research.7563.1},
  author =       {Soneson, Charlotte and Love, Michael I. and Robinson, Mark},
  title =        {{Differential analyses for RNA-seq: transcript-level estimates improve gene-level inferences}},
  journal =      {F1000Research},
  year =         2015,
  Volume =       4,
  Issue =        1521
}

@article{Love2020,
  url =          {https://doi.org/10.1371/journal.pcbi.1007664},
  author =       {Love, Michael I. and Soneson, Charlotte and Hickey, Peter F. and Johnson, Lisa K. and Pierce, N. Tessa and Shepherd, Lori and Morgan, Martin and Patro, Rob},
  title =        {{Tximeta: Reference sequence checksums for provenance identification in RNA-seq}},
  journal =      {PLOS Computational Biology},
  year =         2020
}

@article{Anders:2010:GB,
  url =		 {http://genomebiology.com/2010/11/10/R106},
  author =	 {Anders, Simon and Huber, Wolfgang},
  Title =	 {Differential expression analysis for sequence
                  count data},
  Journal =	 {Genome Biology},
  Year =	 2010,
  Volume =	 11,
  Pages =	 {R106},
}

@article{Anders:2014:htseq,
  url =          {http://dx.doi.org/10.1093/bioinformatics/btu638},
  author =       {Anders, Simon and Pyl, Paul Theodor and Huber, Wolfgang},
  title =        {{HTSeq -- A Python framework to work with high-throughput sequencing data}},
  journal =      {Bioinformatics},
  year =         2014,
}

@article{BH:1995,
  author =	 {Benjamini, Yoav and Hochberg, Yosef},
  title =	 {Controlling the false discovery rate: a practical
                  and powerful approach to multiple testing},
  journal =	 "Journal of the Royal Statistical Society B",
  year =	 1995,
  volume =	 57,
  pages =	 "289--300"
}

@article{Bourgon:2010:PNAS,
  ISI =		 {ISI:000278054700015},
  URL =		 {http://www.pnas.org/content/107/21/9546.long},
  PDF =		 {PNAS-2010-Bourgon-9546-51.pdf},
  author =	 {Bourgon, Richard and Gentleman, Robert and Huber, Wolfgang},
  Title =	 {Independent filtering increases detection power for
                  high-throughput experiments},
  journal =	 {PNAS},
  Year =	 2010,
  volume =	 107,
  number =	 21,
  pages =	 {9546--9551},
}

@article{Brooks2010,
  author =	 {Brooks, A. N. and Yang, L. and Duff, M. O. and
                  Hansen, K. D. and Park, J. W. and Dudoit, S. and
                  Brenner, S. E. and Graveley, B. R.},
  doi =		 {10.1101/gr.108662.110},
  issn =	 {1088-9051},
  journal =	 {Genome Research},
  pages =	 {193--202},
  title =	 {{Conservation of an RNA regulatory map between
                  Drosophila and mammals}},
  url =
                  {http://genome.cshlp.org/cgi/doi/10.1101/gr.108662.110},
  year =	 2011
}

@article{Tibshirani1988,
  author =	 {Tibshirani, Robert},
  title =	 {Estimating transformations for regression via
                  additivity and variance stabilization},
  journal =	 {Journal of the American Statistical Association},
  year =	 1988,
  volume =	 83,
  pages =	 {394--405}
}

@misc{htseq,
  author =	 {Anders, Simon},
  title =	 {{HTSeq: Analysing high-throughput sequencing data
                  with Python}},
  year =	 2011,
  howpublished = {\url{http://www-huber.embl.de/users/anders/HTSeq/}}
}

@article{sagmb2003,
  title =	 {Parameter estimation for the calibration and
                  variance stabilization of microarray data},
  author =	 {Huber, Wolfgang and von Heydebreck, Anja and 
                  {S\"ultmann}, Holger and Poustka, Annemarie and Vingron, Martin},
  journal =	 {Statistical Applications in Genetics and Molecular
                  Biology},
  year =	 2003,
  volume =	 2,
  number =	 1,
  pages =	 {Article 3}
}

@misc{summarizeOverlaps,
  author =	 {Valerie Obenchain},
  title =	 {Counting with \texttt{summarizeOverlaps}},
  year =	 2011,
  howpublished = {Vignette, distributed as part of the Bioconductor
                  package \emph{GenomicAlignments}, as file
                  \emph{summarizeOverlaps.pdf}}
}

@article{Anders:2012:GR,
   author = {Anders, Simon and Reyes, Alejandro and Huber, Wolfgang},
   title = {Detecting differential usage of exons from {RNA-seq} data },
   year = {2012},
   journal = {Genome Research},
   doi = {10.1101/gr.133744.111},
}
   
@article{CR,
author = {Cox, D. R. and Reid, N.},
journal = {Journal of the Royal Statistical Society, Series B},
keywords = {CML,Cox-Reid,ML,dispersion},
mendeley-tags = {CML,Cox-Reid,ML,dispersion},
number = {1},
pages = {1--39},
title = {{Parameter orthogonality and approximate conditional inference}},
url = {http://www.jstor.org/stable/2345476},
volume = {49},
year = {1987}
}

@article{edgeR_GLM,
author = {McCarthy, Davis J and Chen, Yunshun and Smyth, Gordon K},
doi = {10.1093/nar/gks042},
issn = {1362-4962},
journal = {Nucleic Acids Research},
keywords = {edgeR},
mendeley-tags = {edgeR},
month = jan,
pmid = {22287627},
title = {{Differential expression analysis of multifactor RNA-Seq experiments with respect to biological variation}},
url = {http://www.ncbi.nlm.nih.gov/pubmed/22287627},
year = {2012},
volume={40},
pages={4288-4297} 
}

@article{SchwederSpjotvoll1982,
author={Schweder, T. and Spj\/{o}tvoll, E.},
title={Plots of {P-values} to evaluate many tests simultaneously},
journal={Biometrika},
year={1982},
volume=69,
pages={493-502},
doi={10.1093/biomet/69.3.493}
}

@article{Wu2012New,
    author = {Wu, Hao and Wang, Chi and Wu, Zhijin},
    day = {22},
    doi = {10.1093/biostatistics/kxs033},
    issn = {1468-4357},
    journal = {Biostatistics},
    month = sep,
    pmid = {23001152},
    posted-at = {2013-02-26 17:09:19},
    priority = {2},
    publisher = {Oxford University Press},
    title = {{A new shrinkage estimator for dispersion improves differential expression detection in RNA-seq data}},
    url = {http://dx.doi.org/10.1093/biostatistics/kxs033},
    year = {2012}
}

@article{Cook1977Detection,
    author = {R. Dennis Cook},
    journal = {Technometrics},
    month = feb,
    year = {1977},
    title = {{Detection of Influential Observation in Linear Regression}}
}

@article{Bickel2010Subsampling,
    author = {Bickel, Peter J. and Boley, Nathan and Brown, James B. and Huang, Haiyan and Zhang, Nancy R.},
    day = {5},
    doi = {10.1214/10-aoas363},
    eprint = {1101.0947},
    issn = {1932-6157},
    journal = {The Annals of Applied Statistics},
    month = dec,
    number = {4},
    pages = {1660--1697},
    title = {{Subsampling methods for genomic inference}},
    url = {http://dx.doi.org/10.1214/10-aoas363},
    volume = {4},
    year = {2010}
}

@article{Li2009SAMtools,
author = {Li, Heng and Handsaker, Bob and Wysoker, Alec and Fennell, Tim and Ruan, Jue and Homer, Nils and Marth, Gabor and Abecasis, Goncalo and Durbin, Richard and 1000 Genome Project Data Processing Subgroup}, 
title = {{The Sequence Alignment/Map format and SAMtools}},
volume = {25}, 
number = {16}, 
pages = {2078-2079}, 
year = {2009}, 
doi = {10.1093/bioinformatics/btp352}, 
URL = {http://bioinformatics.oxfordjournals.org/content/25/16/2078.abstract}, 
eprint = {http://bioinformatics.oxfordjournals.org/content/25/16/2078.full.pdf+html}, 
journal = {Bioinformatics} 
}

@article{Kim2013TopHat2,
    author = {Kim, Daehwan and Pertea, Geo and Trapnell, Cole and Pimentel, Harold and Kelley, Ryan and Salzberg, Steven},
    doi = {10.1186/gb-2013-14-4-r36},
    issn = {1465-6906},
    journal = {Genome Biology},
    number = {4},
    pages = {R36+},
    pmid = {23618408},
    title = {{TopHat2: accurate alignment of transcriptomes in the presence of insertions, deletions and gene fusions}},
    url = {http://dx.doi.org/10.1186/gb-2013-14-4-r36},
    volume = {14},
    year = {2013}
}


@Article{Delhomme2012easy,
   Author={Delhomme, N.  and Padioleau, I.  and Furlong, E. E.  and Steinmetz, L. M.},
   Title={{easyRNASeq: a Bioconductor package for processing RNA-Seq data}},
   Journal={Bioinformatics},
   Year={2012},
   Volume={28},
   Number={19},
   Pages={2532--2533},
   Month={Oct}
}

@Article{Liao2013feature,
   Author={Liao, Y.  and Smyth, G. K.  and Shi, W.},
   Title={{featureCounts: an efficient general purpose program for assigning sequence reads to genomic features}},
   Journal={Bioinformatics},
   Year={2013},
   Month={Nov}
}

@article{Li2011RSEM,
   author = {Li, Bo and Dewey, Colin N.},
   doi = {10.1186/1471-2105-12-3231},
   journal = {BMC Bioinformatics},
   pages = {323+},
   title = {{RSEM: accurate transcript quantification from RNA-Seq data with or without a reference genome.}}, 
   url = {http://dx.doi.org/10.1186/1471-2105-12-323},
   volume = {12},
   year = {2011}
}

@article{Patro2014Sailfish,
  author = {Patro, Rob and Mount, Stephen M. and Kingsford, Carl},
  journal = {Nature Biotechnology},
  pages = {462--464},
  title = {{Sailfish enables alignment-free isoform quantification from RNA-seq reads using lightweight algorithms}},
  url = {http://dx.doi.org/10.1038/nbt.2862},
  volume = {32},
  year = {2014}
}

@article{Patro2017Salmon,
  author = {Patro, Rob and Duggal, Geet and Love, Michael I. and Irizarry, Rafael A. and Kingsford, Carl},
  journal = {Nature Methods},
  title = {Salmon provides fast and bias-aware quantification of transcript expression},
  url = {http://dx.doi.org/10.1038/nmeth.4197},
  year = 2017
}

@article{Bray2016Near,
  author = {Bray, Nicolas and Pimentel, Harold and Melsted, Pall and Pachter, Lior},
  journal = {Nature Biotechnology},
  pages = {525–-527},
  title = {Near-optimal probabilistic RNA-seq quantification},
  volume = {34},
  url = {http://dx.doi.org/10.1038/nbt.3519},
  year = 2016
}

@article{Robert2015Errors,
   author = {Robert, Christelle and Watson, Mick},
   doi = {10.1186/s13059-015-0734-x},
   journal = {Genome Biology},
   title = {{Errors in RNA-Seq quantification affect genes of relevance to human disease}},
   url = {http://dx.doi.org/10.1186/s13059-015-0734-x},
   year = {2015}
}

@article{Trapnell2013Differential,
   author = {Trapnell, Cole and Hendrickson, David G and Sauvageau, Martin and Goff, Loyal and Rinn, John L and Pachter, Lior},
   doi = {10.1038/nbt.2450},
   journal = {Nature Biotechnology},
   title = {{Differential analysis of gene regulation at transcript resolution with RNA-seq}},
   url = {http://dx.doi.org/10.1038/nbt.2450},
   year = {2013}
}

@article{Storey2003,
   author = {Storey, J},
   journal = {The Annals of Statistics},
   title = {{The positive false discovery rate: A Bayesian interpretation and the q-value}},
   volume = 31,
   number = 6,
   pages = {2013--2035},
   year = {2003}
}

@article{Berge2018,
   author = {Van den Berge, Koen and Perraudeau, Fanny and Soneson, Charlotte and Love, Michael I and Risso, Davide and Vert, Jean-Philippe and Robinson, Mark D and Dudoit, Sandrine and Clement, Lieven},
   title = {{Observation weights unlock bulk RNA-seq tools for zero inflation and single-cell applications}},
   journal = {Genome Biology},
   volume = 19,
   number = 24,
   url = {https://doi.org/10.1186/s13059-018-1406-4},
   year = 2018
}
@article{AhlmannEltze2020,
    author = {Ahlmann-Eltze, Constantin and Huber, Wolfgang},
    title = "{glmGamPoi: Fitting Gamma-Poisson Generalized Linear Models on Single Cell Count Data}",
    journal = {Bioinformatics},
    year = {2020},
    month = {12},
    url = {https://doi.org/10.1093/bioinformatics/btaa1009}
}