@article{altman:1998,
   author = {Altman, DG},
   title = {Confidence intervals for the number needed to treat},
   journal = {British Medical Journal},
   volume = {317},
   pages = {1309 - 1312},
   year = {1998}
}

@article{grimes_schulz:2008,
   author = {Grimes, DA and Schulz, KF},
   title = {Making sense of odds and odds ratios},
   journal = {Obstetrics and Gynecology},
   volume = {111},
   pages = {423 - 426},
   year = {2008}
}

@book{hosmer_lemeshow:2000,
   author = {Hosmer, DW and Lemeshow, S},
   title = {{Applied Logistic Regression}},
   publisher = {Jon Wiley and Sons Inc},
   address = {London},
   note = {hosmer_lemeshow:1999
ProCite field[38]: 137 - 152},
   year = {2000}
}

@article{kuritz_et_al:1988,
   author = {Kuritz, SJ and Landis, JR and Koch, GG },
   title = {{A general overview of Mantel-Haenszel methods: Applications and recent developments}},
   journal = {Annual Reviews in Public Health},
   volume = {9},
   pages = {123 - 160},
   year = {1988}
}

@book{porta:2014,
   author = {Porta, M and Greenland, S and Last, JM},
   title = {{A Dictionary of Epidemiology}},
   publisher = {Oxford University Press},
   address = {London},
   year = {2014}
}

@article{prasad_et_al:2007,
   author = {Prasad, K and Jaeschke, R and Wyer, P and Keitz, S and Guyatt, G},
   title = {{Tips for teachers of evidence-based medicine: Understanding odds ratios and their relationship to risk ratios}},
   journal = {Journal of General Internal Medicine},
   volume = {23},
   number = {5},
   pages = {635 - 640},
   year = {2007}
}

@article{siegerink_rohmann:2018,
   author = {Siegerink, B and Rohmann, JL},
   title = {{Impact of your results: Beyond the relative risk}},
   journal = {Research and Practice in Thrombosis and Haemostasis},
   volume = {2},
   pages = {653 - 657},
   year = {2018}
}

@article{willeberg:1977,
   author = {Willeberg, P},
   title = {{Animal disease information processing: Epidemiologic analyses of the feline urologic syndrome}},
   journal = {Acta Veterinaria Scandinavica},
   volume = {64},
   pages = {1 - 48},
   year = {1977}
}

