



@ARTICLE{pinkel98,
    Author         = {D. Pinkel and R.  Segraves and D. Sudar and S. Clark and I.  Poole and D. Kowbel and C. Collins and W. L. Kuo and C. Chen and Y.  Zhai and S. H. Dairkee and B. M. Ljung and J. W.  Gray and D. G. Albertson},
    Journal        = {Nat. Genet.},
    Title          = {High resolution analysis of DNA copy number variation using comparative genomic hybridization to microarrays},
    Year           = {1998},
    volume	   = {20},
    OPTnumber      = {},
    pages          = {207-211}
}




@ARTICLE{snijders01,
    Author         = {A. M. Snijders and N. Nowak and R. Segraves and S. Blackwood and N. Brown and J.  Conroy and G. Hamilton and A. K. Hindle and B.  Huey and K. Kimura and S. Law S and K. Myambo and J. Palmer and B. Ylstra and J. P. Yue and J. W. Gray and A. N. Jain and D. Pinkel and D. G. Albertson},
    Journal        = {Nat. Genet.},
    Title          = {Assembly of microarrays for genome-wide measurement of DNA copy number},
    Year           = {2001},
    volume         = {29},
    OPTnumber         = {3},
    pages          = {263-4}
}




@ARTICLE{wigler03,
    Author         = {R. Lucito and J. Healey and J. Alexander and A. Reiner and D. Esposito and M. Chi and L. Rodgers and A. Brady and J. Sebat and J. Troge and JA West and S. Rostan and KC Nguyen and S. Powers and KQ Ye and A. Olshen and E. Venkatraman and L. Norton and M. Wigler},
    Journal        = {Nat. Genet.},
    Title          = {Representational oligonucleotide microarray analysis: a high resolution method to detect genome copy number variation},
    Year           = {2003},
    volume         = {13},
    OPTnumber         = {10},
    pages          = {2291-305}
}



@ARTICLE{olshen04,
    Author         = {A. B. Olshen and E. S. Venkatraman and R. Lucito and M. Wigler},
    Journal        = {Biostatistics},
    Title          = {Circular binary segmentation for the analysis of array-based DNA copy number data},
    Year           = {2004},
    volume         = {5},
    OPTnumber         = {4},
    pages          = {557-72}
}



@ARTICLE{venkat07,
    Author         = {E. S. Venkatraman and A. B. Olshen},
    Journal        = {Bioinformatics},
    Title          = {A faster circular binary segmentation algorithm for the analysis of array CGH data},
    Year           = {2007},
    volume         = {23},
    OPTnumber         = {6},
    pages          = {657-63}
}

